<?xml version="1.0" encoding="UTF-8"?><collection xmlns="http://www.loc.gov/MARC21/slim"><record><leader>00542nam--2200181-i-4500</leader><controlfield tag="001">000016300</controlfield><controlfield tag="002">20161230</controlfield><controlfield tag="005">20161230201031</controlfield><controlfield tag="008">060222s1000------------r-----000-0-fre-d</controlfield><datafield ind1=" " ind2=" " tag="040"><subfield code="a">IFIN-HH</subfield></datafield><datafield ind1=" " ind2=" " tag="041"><subfield code="a">fre</subfield></datafield><datafield ind1=" " ind2=" " tag="080"><subfield code="a">539.183.4(043)</subfield></datafield><datafield ind1="1" ind2=" " tag="100"><subfield code="a">Blamont, Jacques-emile</subfield></datafield><datafield ind1="1" ind2="0" tag="245"><subfield code="a">Recherches sur l effet stark de l atome de mer cure par la method de resonance magnetique</subfield><subfield code="b">These</subfield><subfield code="c">Jacques-emile blamont</subfield></datafield><datafield ind1=" " ind2=" " tag="260"><subfield code="a">Paris</subfield><subfield code="b">Masson Et C-ie, Editeurs</subfield><subfield code="c">1957</subfield></datafield><datafield ind1=" " ind2=" " tag="300"><subfield code="a">66 P</subfield></datafield><datafield ind1=" " ind2=" " tag="852"><subfield code="a">78093</subfield><subfield code="c">539.18</subfield></datafield><datafield ind1=" " ind2=" " tag="CAT"><subfield code="a">Sys</subfield><subfield code="c">20120711</subfield><subfield code="h">165959</subfield></datafield></record></collection>